@inproceedings{DBLP:conf/wollic/BlackburnMMH19,
  author    = {Patrick Blackburn and
               Manuel A. Martins and
               Mar{\'{\i}}a Manzano and
               Antonia Huertas},
  title     = {Rigid First-Order Hybrid Logic},
  booktitle = {Logic, Language, Information, and Computation - 26th International Workshop, WoLLIC 2019, Utrecht, The Netherlands, July 2-5, 2019, Proceedings},
  pages     = {53--69},
  year      = {2019},
  crossref  = {DBLP:conf/wollic/2019}
}
 
 @proceedings{DBLP:conf/wollic/2019,
  editor    = {Rosalie Iemhoff and
               Michael Moortgat and
               Ruy J. G. B. de Queiroz},
  title     = {Logic, Language, Information, and Computation - 26th International Workshop, WoLLIC 2019, Utrecht, The Netherlands, July 2-5, 2019, Proceedings},
  series    = {Lecture Notes in Computer Science},
  volume    = {11541},
  publisher = {Springer},
  year      = {2019}
}


@article{ArecesB01,
  author    = {Carlos Areces and
               Patrick Blackburn},
  title     = {{Bringing them all Together}},
  journal   = {Journal of Logic and Computation},
  volume    = {11},
  number    = {5},
  pages     = {657--669},
  year      = {2001},
  url       = {http://dx.doi.org/10.1093/logcom/11.5.657},
  doi       = {10.1093/logcom/11.5.657},
  timestamp = {Wed, 29 Jun 2011 15:52:42 +0200},
  biburl    = {http://dblp.uni-trier.de/rec/bib/journals/logcom/ArecesB01},
  bibsource = {dblp computer science bibliography, http://dblp.org}
}

@article{Blackburn00,
  author    = {Patrick Blackburn},
  title     = {Representation, Reasoning, and Relational Structures: a Hybrid Logic
               Manifesto},
  journal   = {{Logic Journal of the IGPL}},
  volume    = {8},
  number    = {3},
  pages     = {339--365},
  year      = {2000},
  doi       = {10.1093/jigpal/8.3.339}
}

@book{brau11,
   title = {{Hybrid logic and its Proof-Theory}},
   author = {Torben Bra\"uner},
   series = {{Applied Logic Series}},
   volume = {37},
   publisher = {Springer},
   address = {Netherlands},
   isbn = {978-94-007-0001-7},
   year = {2011},
   doi = {10.1007/978-94-007-0002-4}
}

%%%%%%%%%%%%%%%%%%%%%%%%%%%%%%%%%%%%%%%%%%%%%%%%%%%%%%%%%%%%%%%%%%%%%%%%%%%%%%%%%%%
@article{gai-bir,
  author    = {Daniel G\u{a}in\u{a}},
  title     = {Birkhoff style calculi for hybrid logics},
  journal   = {Formal Asp. Comput.},
  volume    = {29},
  number    = {5},
  pages     = {805--832},
  year      = {2017},
  url       = {https://doi.org/10.1007/s00165-016-0414-y},
  doi       = {10.1007/s00165-016-0414-y},
  timestamp = {Thu, 21 Sep 2017 12:05:11 +0200},
  biburl    = {http://dblp.org/rec/bib/journals/fac/Gaina17},
  bibsource = {dblp computer science bibliography, http://dblp.org}
}

@article{gai-her,
  author    = {Daniel G\u{a}in\u{a}},
  title     = {Foundations of logic programming in hybrid logics with user-defined
               sharing},
  journal   = {Theor. Comput. Sci.},
  volume    = {686},
  pages     = {1--24},
  year      = {2017},
  url       = {https://doi.org/10.1016/j.tcs.2017.04.009},
  doi       = {10.1016/j.tcs.2017.04.009},
  timestamp = {Wed, 14 Jun 2017 16:44:59 +0200},
  biburl    = {http://dblp.uni-trier.de/rec/bib/journals/tcs/Gaina17},
  bibsource = {dblp computer science bibliography, http://dblp.org}
}
%%%%%%%%%%%%%%%%%%%%%%%%%%%%%%%%%%%%%%%%%%%%%%%%%%%%%%%%%%%%%%%%%%%%%%%%%%%%%%%%%%%

@inproceedings{martins,
  author    = {Manuel A. Martins and
               Alexandre Madeira and
               Razvan Diaconescu and
               Lu{\'{\i}}s Soares Barbosa},
  title     = {Hybridization of Institutions},
  booktitle = {Algebra and Coalgebra in Computer Science - 4th International Conference, {CALCO} 2011, Proceedings},
  pages     = {283--297},
  year      = {2011},
  crossref  = {DBLP:conf/calco/2011},
  doi       = {10.1007/978-3-642-22944-2_20}
}

@proceedings{DBLP:conf/calco/2011,
  editor    = {Andrea Corradini and
               Bartek Klin and
               Corina C{\^{\i}}rstea},
  title     = {Algebra and Coalgebra in Computer Science - 4th International Conference, {CALCO} 2011, Proceedings},
  series    = {Lecture Notes in Computer Science},
  volume    = {6859},
  publisher = {Springer},
  year      = {2011},
  doi       = {10.1007/978-3-642-22944-2}
}

@article{MadeiraMBH15,
  author    = {Alexandre Madeira and
               Manuel A. Martins and
               Lu{\'{\i}}s Soares Barbosa and
               Rolf Hennicker},
  title     = {Refinement in hybridised institutions},
  journal   = {Formal Aspects of Computing},
  volume    = {27},
  number    = {2},
  pages     = {375--395},
  year      = {2015},
  doi       = {10.1007/s00165-014-0327-6}
}

@phdthesis{Madeira13,
  author       = {Alexandre Madeira}, 
  title        = {Foundations and techniques for software reconfigurability},
  school       = {Universidades do Minho, Aveiro and Porto},
  year         = {2013},
  note         = {Joint MAP-i Doctoral Programme}
}

@article{NevesMMB16,
  author    = {Renato Neves and
               Alexandre Madeira and
               Manuel A. Martins and
               Lu{\'{\i}}s Soares Barbosa},
  title     = {{Proof theory for hybrid(ised) logics}},
  journal   = {Science of Computer Programming},
  volume    = {126},
  pages     = {73--93},
  year      = {2016},
  doi       = {10.1016/j.scico.2016.03.001}
}

@inproceedings{NevesMMB15,
author    = {Renato Neves and
               Manuel A. Martins and
               Lu{\'{\i}}s Soares Barbosa},
  title     = {Completeness and Decidability Results for Hybrid(ised) Logics},
  booktitle = {Formal Methods: Foundations and Applications - 17th Brazilian Symposium,
               {SBMF} 2014, Macei{\'{o}}, AL, Brazil, September 29-October 1,
               2014. Proceedings},
  pages     = {146--161},
  year      = {2014},
  crossref  = {DBLP:conf/sbmf/2014},
  doi       = {10.1007/978-3-319-15075-8\_10}
}

@proceedings{DBLP:conf/sbmf/2014,
  editor    = {Christiano Braga and
               Narciso Mart{\'{\i}}{-}Oliet},
  title     = {Formal Methods: Foundations and Applications - 17th Brazilian Symposium,
               {SBMF} 2014, Macei{\'{o}}, AL, Brazil, September 29-October 1,
               2014. Proceedings},
  series    = {Lecture Notes in Computer Science},
  volume    = {8941},
  publisher = {Springer},
  year      = {2015},
  doi       = {10.1007/978-3-319-15075-8}
}
%%%%%%%%%%%%%%%%%%%%%%%%%%%%%%%%%%%%%%%%%%%%%%%%%%%%%%%%%%%%%%%%%%%%%%%%%%%%%%%%%%%
@article{dia-qvh,
author  = {R\u{a}zvan Diaconescu},
title   = {{Quasi-varieties and initial semantics for hybridized institutions}},
journal = {Journal of Logic and Computation},
volume  = {26},
number  = {3},
pages   = {855--891},
year    = {2016},
doi     = {10.1093/logcom/ext016}
}

@article{dia-msc,
author  = {Diaconescu,R\u{a}zvan and Madeira,Alexandre},
title   = {{Encoding Hybridised Institutions into First-Order Logic}},
journal = {Mathematical Structures in Computer Science},
volume  = {26},
number  = {5},
year    = {2016},
pages   = {745--788},
doi     = {10.1017/S0960129514000383}
}

@inproceedings{Meseguer97,
  author    = {Jos{\'{e}} Meseguer},
  title     = {Membership algebra as a logical framework for equational specification},
  booktitle = {Recent Trends in Algebraic Development Techniques, 12th International
               Workshop, WADT'97, Tarquinia, Italy, June 1997, Selected Papers},
  pages     = {18--61},
  year      = {1997},
  crossref  = {DBLP:conf/wadt/1997}
}
@proceedings{DBLP:conf/wadt/1997,
  editor    = {Francesco Parisi{-}Presicce},
  title     = {Recent Trends in Algebraic Development Techniques, 12th International
               Workshop, WADT'97, Tarquinia, Italy, June 1997, Selected Papers},
  series    = {Lecture Notes in Computer Science},
  volume    = {1376},
  publisher = {Springer},
  year      = {1997}
}

@article{GoguenM92,
  author    = {Joseph A. Goguen and
               Jos{\'{e}} Meseguer},
  title     = {Order-Sorted Algebra {I:} Equational Deduction for Multiple Inheritance,
               Overloading, Exceptions and Partial Operations},
  journal   = {Theor. Comput. Sci.},
  volume    = {105},
  number    = {2},
  pages     = {217--273},
  year      = {1992},
  url       = {https://doi.org/10.1016/0304-3975(92)90302-V},
  doi       = {10.1016/0304-3975(92)90302-V},
  timestamp = {Sun, 28 May 2017 13:20:05 +0200},
  biburl    = {https://dblp.org/rec/bib/journals/tcs/GoguenM92},
  bibsource = {dblp computer science bibliography, https://dblp.org}
}

@book{prior67,
  title     = {Past, Present and Future},
  author    = {Arthur Prior},
  isbn      = {9780198243113},
  series    = {Oxford books},
  year      = {1967},
  publisher = {Oxford University Press},
  address   = {Oxford}
}

@article{passay91,
  author    = {Solomon Passay and
               Tinko Tinchev},
  title     = {An Essay in Combinatory Dynamic Logic},
  journal   = {Information and Computation},
  volume    = {93},
  number    = {2},
  pages     = {263--332},
  year      = {1991},
  url       = {http://dx.doi.org/10.1016/0890-5401(91)90026-X},
  doi       = {10.1016/0890-5401(91)90026-X},
  timestamp = {Wed, 06 Jul 2011 21:23:46 +0200},
  biburl    = {http://dblp.uni-trier.de/rec/bib/journals/iandc/PassayT91},
  bibsource = {dblp computer science bibliography, http://dblp.org}
}


