@inproceedings{BohrerP18,
  author       = {Brandon Bohrer and Andr{\'{e}} Platzer},
  booktitle    = {Proceedings of the 33rd Annual {ACM/IEEE} Symposium on Logic in Computer Science, {LICS} 2018, Oxford, UK, July 09--12, 2018},
  pages        = {115--124},
  publisher    = {{ACM}},
  title        = {A Hybrid, Dynamic Logic for Hybrid-Dynamic Information Flow},
  year         = {2018},
}

@book{Brauner11,
  author       = {Torben Bra{\"{u}}ner},
  publisher    = {Springer},
  series       = {Applied Logic Series},
  title        = {Hybrid Logic and its Proof-Theory},
  volume       = {37},
  year         = {2011},
}

@article{Diaconescu04,
  author       = {R{\u{a}}zvan Diaconescu},
  journal      = {Information Processing Letters},
  number       = {1},
  pages        = {29--37},
  title        = {Herbrand theorems in arbitrary institutions},
  volume       = {90},
  year         = {2004},
}

@article{Diaconescu16,
  author       = {R{\u{a}}zvan Diaconescu},
  journal      = {Journal of Logic and Computation},
  number       = {3},
  pages        = {855--891},
  title        = {Quasi-varieties and initial semantics for hybridized institutions},
  volume       = {26},
  year         = {2016},
}

@article{DiaconescuM16,
  author       = {R{\u{a}}zvan Diaconescu and Alexandre Madeira},
  journal      = {Mathematical Structures in Computer Science},
  number       = {5},
  pages        = {745--788},
  title        = {Encoding hybridized institutions into first-order logic},
  volume       = {26},
  year         = {2016},
}

@article{HarelKT01,
  author       = {David Harel and Dexter Kozen and Jerzy Tiuryn},
  journal      = {{SIGACT} News},
  number       = {1},
  pages        = {66--69},
  title        = {Dynamic logic},
  volume       = {32},
  year         = {2001},
}

@inproceedings{HennickerMK19,
  author       = {Rolf Hennicker and Alexandre Madeira and Alexander Knapp},
  booktitle    = {Fundamental Approaches to Software Engineering -- 22nd International Conference, {FASE} 2019, Prague, Czech Republic, April 6--11, 2019, Proceedings},
  pages        = {79--97},
  publisher    = {Springer},
  series       = {LNCS},
  title        = {A Hybrid Dynamic Logic for Event/Data-Based Systems},
  volume       = {11424},
  year         = {2019},
}

@article{Gaina17Bir,
  author       = {Daniel G{\u{a}}in{\u{a}}},
  journal      = {Formal Aspects of Computing},
  number       = {5},
  pages        = {805--832},
  title        = {Birkhoff style calculi for hybrid logics},
  volume       = {29},
  year         = {2017},
}

@article{Gaina17Her,
  author       = {Daniel G{\u{a}}in{\u{a}}},
  journal      = {Theoretical Computer Science},
  pages        = {1--24},
  title        = {Foundations of logic programming in hybrid logics with user-defined sharing},
  volume       = {686},
  year         = {2017},
}

@inproceedings{GainaTR18,
  author       = {Daniel G{\u{a}}in{\u{a}} and Ionu{\c{t}} {\c{T}}u{\c{t}}u and Adri{\'{a}}n Riesco},
  booktitle    = {25th Asia-Pacific Software Engineering Conference, {APSEC} 2018, Nara, Japan, 4--7 December 2018},
  publisher    = {IEEE},
  title        = {Specification and Verification of Invariant Properties of Transition Systems},
  year         = {2018},
}

@article{GoguenB92,
  author       = {Joseph A. Goguen and Rod M. Burstall},
  journal      = {Journal of the {ACM}},
  number       = {1},
  pages        = {95--146},
  title        = {Institutions: Abstract Model Theory for Specification and Programming},
  volume       = {39},
  year         = {1992},
}

@book{GrooteM2014,
  author       = {Jan Friso Groote and Mohammad Reza Mousavi},
  publisher    = {{MIT} Press},
  title        = {Modeling and Analysis of Communicating Systems},
  year         = {2014},
}

@inproceedings{MartinsMDB11,
  author       = {Manuel A. Martins and Alexandre Madeira and R{\u{a}}zvan Diaconescu and Lu{\'{\i}}s Soares Barbosa},
  booktitle    = {Algebra and Coalgebra in Computer Science -- 4th International Conference, {CALCO} 2011, Winchester, {UK}, August 30 -- September 2, 2011. Proceedings},
  editor       = {Andrea Corradini and Bartek Klin and Corina C{\^{\i}}rstea},
  pages        = {283--297},
  publisher    = {Springer},
  series       = {Lecture Notes in Computer Science},
  title        = {Hybridization of Institutions},
  volume       = {6859},
  year         = {2011},
}

@inproceedings{TutuF15,
  author       = {Ionu{\c{t}} {\c{T}}u{\c{t}}u and Jos{\'{e}} Luiz Fiadeiro},
  booktitle    = {6th Conference on Algebra and Coalgebra in Computer Science, {CALCO} 2015, June 24--26, 2015, Nijmegen, The Netherlands},
  editor       = {Lawrence S. Moss and Pawe{\l} Soboci{\'{n}}ski},
  pages        = {304--319},
  publisher    = {Schloss Dagstuhl -- Leibniz-Zentrum fuer Informatik},
  series       = {LIPIcs},
  title        = {Revisiting the Institutional Approach to {Herbrand's} Theorem},
  volume       = {35},
  year         = {2015},
}

@article{TutuF17,
  author       = {Ionu{\c{t}} {\c{T}}u{\c{t}}u and Jos{\'{e}} Luiz Fiadeiro},
  journal      = {Journal of Logic and Computation},
  number       = {6},
  pages        = {1679--1716},
  title        = {From conventional to institution-independent logic programming},
  volume       = {27},
  year         = {2017},
}
